%%
%% WinShell 3.3.2.4
%% http://www.winshell.org/
%%

% Strings


% Preamble


% BibTeX Entries

@article{gunn1998support,
  title={Support vector machines for classification and regression},
  author={Gunn, Steve R and others},
  journal={ISIS technical report},
  volume={14},
  year={1998},
  publisher={U. of Southampton}
}

@misc{boswell2002introduction,
  title={Introduction to Support Vector Machines},
  author={Boswell, Dustin},
  year={2002},
  publisher={August}
}

@book{scholkopf2001learning,
  title={Learning with kernels: Support vector machines, regularization, optimization, and beyond},
  author={Sch{\"o}lkopf, Bernhard and Smola, Alexander J},
  year={2001},
  publisher={MIT press}
}

@article{ben2010user,
  title={A users guide to support vector machines},
  author={Ben-Hur, Asa and Weston, Jason},
  journal={Methods in Molecular Biology},
  volume={609},
  pages={223--239},
  year={2010},
  publisher={Springer}
}

@misc{hastie2011elements,
  title={The Elements of Statistical Learning, volume 18 of Springer Series in Statistics},
  author={Hastie, Trevor and Tibshirani, Robert and Friedman, Jerome},
  year={2011},
  publisher={Springer,}
}

  @Article{kernlab,
    title = {kernlab -- An {S4} Package for Kernel Methods in {R}},
    author = {Karatzoglou, Alexandros and Smola, Alex and Hornik, Kurt and Zeileis, Achim},
    journal = {Journal of Statistical Software},
    year = {2004},
    volume = {11},
    number = {9},
    pages = {1--20},
    url = {http://www.jstatsoft.org/v11/i09/},
  }

  @Manual{svmpath,
    title = {svmpath: svmpath: the SVM Path algorithm},
    author = {Hastie, Trevor},
    year = {2012},
    note = {R package version 0.952},
    url = {http://CRAN.R-project.org/package=svmpath},
  }

  @Manual{e1071,
    title = {e1071: Misc Functions of the Department of Statistics (e1071), TU Wien},
    author = {Meyer, David and Dimitriadou, Evgenia and Hornik, Kurt and Weingessel, Andreas and Leisch, Friedrich},
    year = {2012},
    note = {R package version 1.6-1},
    url = {http://CRAN.R-project.org/package=e1071},
  }

  @Manual{R,
    title = {R: A Language and Environment for Statistical Computing},
    author = {{R Core Team}},
    organization = {R Foundation for Statistical Computing},
    address = {Vienna, Austria},
    year = {2012},
    note = {{ISBN} 3-900051-07-0},
    url = {http://www.R-project.org/},
  }

@article{hastie2005entire,
  title={The entire regularization path for the support vector machine},
  author={Hastie, Trevor and Rosset, Saharon and Tibshirani, Robert and Zhu, Ji},
  journal={Journal of Machine Learning Research},
  volume={5},
  number={2},
  pages={1391},
  year={2005},
  publisher={Citeseer}
}

@book{boyd2004convex,
  title={Convex optimization},
  author={Boyd, Stephen and Vandenberghe, Lieven},
  year={2004},
  publisher={Cambridge university press}
}